
@book{Alice,
  author    = "", 
  title     = "", 
  publisher = "", 
  year      = ""
}

